@book{katz,
  title={{Introduction to Modern Cryptography}},
  author={Lindell, Yehuda and Katz, Jonathan},
  year={2014},
  publisher={Chapman and Hall/CRC}
}

@book{handbook,
  title={{Handbook of Applied Cryptography}},
  author={Katz, Jonathan and Menezes, Alfred J and Van Oorschot, Paul C and Vanstone, Scott A},
  year={1996},
  publisher={CRC press}
}

@book{foundations1,
  title={{Foundations of Cryptography: Volume 1, Basic Tools}},
  author={Goldreich, Oded},
  year={2007},
  publisher={Cambridge university press}
}

@book{foundations2,
  title={{Foundations of Cryptography: Volume 2, Basic Applications}},
  author={Goldreich, Oded},
  year={2009},
  publisher={Cambridge university press}
}

@inproceedings{rogaway2004cryptographic,
  title={Cryptographic hash-function basics: Definitions, implications, and separations for preimage resistance, second-preimage resistance, and collision resistance},
  author={Rogaway, Phillip and Shrimpton, Thomas},
  booktitle={International workshop on fast software encryption},
  pages={371--388},
  year={2004},
  organization={Springer}
}
