@book{sipser,
  title={{Introduction to the Theory of Computation}},
  author={Sipser, Michael and others},
  volume={2},
  year={2006},
  publisher={Thomson Course Technology Boston}
}
