@inbook{laertiuslives,
  title={Lives of the Eminent Philosophers, Book II},
	chapter={8},
  author={Diogenes Laertius},
	translator={Pamela Mensch},
  year={2018},
  publisher={Oxford University Press},
	pages={100}
}

@inbook{ciceroinventione,
  title={De Inventione},
  author={Cicero},
	translator={C. D. Yonge},
  year={2004},
  publisher={Kessenger Publishing},
	pages={133}
}

@book{kfoundation,
  title={K Foundation Burn a Million Quid},
  author={Brook, Chris},
  year={1997},
  publisher={Ellipsis Books}
}

@book{armchair,
  title={The Armchair Economist (revised and updated May 2012): Economics \& Everyday Life},
  author={Landsburg, Steven E},
  year={2007},
  publisher={Simon and Schuster}
}
