@article{sidechains,
	Author = {Back, Adam and Corallo, Matt and Dashjr, Luke and Friedenbach, Mark and Maxwell, Gregory and Miller, Andrew and Poelstra, Andrew and Tim{\'o}n, Jorge and Wuille, Pieter},
	Note = {\url{http://www. opensciencereview. com/papers/123/enablingblockchain-innovations-with-pegged-sidechains}},
	Title = {Enabling blockchain innovations with pegged sidechains},
	Year = {2014}}

@inproceedings{velvet,
	Author = {Zamyatin, Alexei and Stifter, Nicholas and Judmayer, Aljosha and Schindler, Philipp and Weippl, Edgar and Knottenbelt, William and Zamyatin, Alexei},
	Booktitle = {International Conference on Financial Cryptography and Data Security},
	Organization = {Springer},
	Title = {A Wild Velvet Fork Appears! Inclusive Blockchain Protocol Changes in Practice},
	Year = {2018}}

@misc{drivechains,
	Author = {Paul Sztorc},
	Note = {\url{http://www.truthcoin.info/blog/drivechain/}},
	Title = {Drivechain - The Simple Two Way Peg},
	Year = {November 2015}}

@inproceedings{popow,
  title={Proofs of proofs of work with sublinear complexity},
  author={Kiayias, Aggelos and Lamprou, Nikolaos and Stouka, Aikaterini-Panagiota},
  booktitle={International Conference on Financial Cryptography and Data Security},
  pages={61--78},
  year={2016},
  organization={Springer},
	publisher={Springer}
}
