@article{chernoff2014career,
  title={A career in statistics},
  author={Chernoff, Herman},
  journal={Past, Present, and Future of Statistical Science},
  pages={29},
  year={2014},
  publisher={Chapman and Hall/CRC}
}

@article{chernoff1952measure,
  title={A measure of asymptotic efficiency for tests of a hypothesis based on the sum of observations},
  author={Chernoff, Herman and others},
  journal={The Annals of Mathematical Statistics},
  volume={23},
  number={4},
  pages={493--507},
  year={1952},
  publisher={Institute of Mathematical Statistics}
}
