@inproceedings{nipopows,
	Author = {Kiayias, Aggelos and Miller, Andrew and Zindros, Dionysis},
	Title = {{Non-Interactive Proofs of Proof-of-Work}},
	booktitle={International Conference on Financial Cryptography and Data Security},
	organization={Springer},
	Year = {2020},
}

@misc{derivatives,
  author={Karantias, Kostis and Kiayias, Aggelos and Zindros, Dionysis},
	Title = {Smart Contract Derivatives},
	Year = {2020},
	institution={Cryptology ePrint Archive, Report 2020/138, 2020.}}

@misc{crosschain-sok,
  title={{SoK: Communication across distributed ledgers}},
  author={Zamyatin, Alexei and Al-Bassam, Mustafa and Zindros, Dionysis and Kokoris-Kogias, Eleftherios and Moreno-Sanchez, Pedro and Kiayias, Aggelos and Knottenbelt, William J},
  year={2019},
  institution={Cryptology ePrint Archive, Report 2019/1128, 2019.}
}

@inproceedings{pos-sidechains,
  title={Proof-of-Stake Sidechains},
  author={Kiayias, Aggelos and Ga{\v z}i, Peter and Zindros, Dionysis},
  booktitle={IEEE Symposium on Security and Privacy},
  organization={IEEE},
  publisher={IEEE},
	year={2019}
}

@inproceedings{pow-sidechains,
  title={Proof-of-Work Sidechains},
  author={Kiayias, Aggelos and Zindros, Dionysis},
	booktitle={International Conference on Financial Cryptography and Data Security},
	organization={Springer},
	publisher={Springer},
	year={2019}
}

@inproceedings{compactsuperblocks,
  title={Compact Storage of Superblocks for NIPoPoW Applications},
  booktitle={The 1st International Conference on Mathematical Research for Blockchain Economy},
  author={Karantias, Kostis and Kiayias, Aggelos and Zindros, Dionysis},
  organization={Springer Nature},
  year={2019}}

@MastersThesis{gtklocker,
  author={Kostis Karantias},
  title={{Enabling NIPoPoW Applications on Bitcoin Cash}},
  school={University of Ioannina},
  address={Ioannina, Greece},
  year={2019}}

@unpublished{velvet-nipopows,
  author={Andrianna Polydouri and Dionysis Zindros},
  title={{NIPoPoWs under Velvet Forks}},
	note={Unpublished Manuscript},
  address={Athens, Greece},
  year={2020}}

@unpublished{varnipopows,
  author={Aggelos Kiayias and Nikos Leonardos and Dionysis Zindros},
  title={{Variable Difficulty Non-Interactive Proofs of Proof-of-Work}},
	note={Unpublished Manuscript},
  address={Athens, Greece},
  year={2020}}

@unpublished{logspace,
  author={Aggelos Kiayias and Nikos Leonardos and Dionysis Zindros},
  title={{Mining in Logarithmic Space}},
	note={Unpublished Manuscript},
  address={Athens, Greece},
  year={2020}}

@inproceedings{burn,
  title={Proof-of-Burn},
  author={Karantias, Kostis and Kiayias, Aggelos and Zindros, Dionysis},
  booktitle={International Conference on Financial Cryptography and Data Security},
  year={2019}
}

@MastersThesis{zindros,
  title={{Trust in Decentralized Anonymous Marketplaces}},
  author={Zindros, Dionysis},
	school={National Technical University of Athens},
	address={Athens, Greece},
  year={2016}
}

@inproceedings{egalitarianism,
  title={Cryptocurrency egalitarianism: a quantitative approach},
  author={Karakostas, Dimitris and Kiayias, Aggelos and Nasikas, Christos and Zindros, Dionysis},
  journal={International Conference on Blockchain Economics, Security and Protocols},
  year={2019}
}

@inproceedings{trust-is-risk,
  title={{Trust is Risk: A Decentralized Financial Trust Platform}},
  author={Litos, Orfeas Stefanos Thyfronitis and Zindros, Dionysis},
  booktitle={International Conference on Financial Cryptography and Data Security},
  pages={340--356},
  year={2017},
  organization={Springer}
}

@article{darknet,
  title={{Structure and content of the visible Darknet}},
  author={Avarikioti, Georgia and Brunner, Roman and Kiayias, Aggelos and Wattenhofer, Roger and Zindros, Dionysis},
  journal={arXiv preprint arXiv:1811.01348},
  year={2018}
}
